@article{todd2020dynamic,
  title     = {A dynamic model of personality, schooling, and occupational choice},
  author    = {Todd, Petra E and Zhang, Weilong},
  journal   = {Quantitative Economics},
  volume    = {11},
  number    = {1},
  pages     = {231--275},
  year      = {2020},
  publisher = {Wiley Online Library}
}

@article{hu2012nonparametric,
  title     = {Nonparametric identification of dynamic models with unobserved state variables},
  author    = {Hu, Yingyao and Shum, Matthew},
  journal   = {Journal of Econometrics},
  volume    = {171},
  number    = {1},
  pages     = {32--44},
  year      = {2012},
  publisher = {Elsevier}
}

@article{hu2017simple,
  title     = {A simple estimator for dynamic models with serially correlated unobservables},
  author    = {Hu, Yingyao and Shum, Matthew and Tan, Wei and Xiao, Ruli},
  journal   = {Journal of Econometric Methods},
  volume    = {6},
  number    = {1},
  pages     = {20150011},
  year      = {2017},
  publisher = {De Gruyter}
}